3334 5050
366 517 406 577 94
539 515 782 567 AOYKIANOY
792 515 970 566 ΡΗΊὈΡΩΝ
981 517 1247 568 ΛῙΛΑΣΚΛΛΟΣ

541 668 587 719 Ed.
601 666 698 718 ΤιοΙιο.
1107 667 1167 720 Cod.
1179 668 1238 719 436.

296 748 440 807 ο.17.οότω
451 748 505 822 γάρ
924 746 1011 809 οὕτως
1022 750 1077 822 γὰρ

364 834 648 905 ἀποστλεγγίσασθαι
922 834 1185 904 ἀποστλεγίσασθαι

366 923 573 992 εἱληθερεῖσθαι
921 916 1121 990 ἠληθερεῐσθαι

360 1007 537 1078 χειρόσοφον
917 1010 1089 1080 χειρίσοφον

365 1089 520 1162 ἀκρότατον
921 1088 1080 1160 ἀκρότατον

364 1175 558 1246 ἀναγίγνωσκε
921 1175 1095 1247 ἀναγίνωσκε

364 1258 654 1332 ’ἢὸ-Δημοσθένης
920 1260 989 1333 μηδ’
1005 1259 1264 1334 ό-Δημοσθένης

365 1349 421 1400 τῶν
434 1343 531 1416 ὀλίγον
543 1342 599 1417 πρὸ
612 1341 693 1416 ἡμῶν
705 1342 804 1414 λόγους
920 1349 977 1400 τῶν
989 1346 1075 1417 ὀλίγῳ
1086 1345 1144 1418 πρὸ
1157 1346 1238 1419 ἡμῶν
1250 1345 1351 1418 λόγους

295 1428 528 1499 σ.18.ἀπυβάλωσι
921 1429 1086 1500 ἀποβάλωσι

365 1513 461 1572 όπόσα
474 1508 538 1590 ἀνῇ
922 1535 969 1572 om.
983 1510 999 1585 ἦ

366 1600 463 1675 εὐχερῆ
922 1621 970 1656 om.

366 1685 450 1743 οὐδὲν
462 1683 531 1747 ὅλως
921 1685 1005 1743 οὐδὲν
1016 1682 1105 1747 ἀλλοις

365 1773 505 1844 ἑλομένων
922 1791 970 1826 οιυ.

364 1859 505 1930 ἑλομένων
517 1858 547 1912 όέ
921 1859 1045 1931 έλομένω
1058 1859 1089 1913 δέ

365 1944 406 1996 ἔτι
416 1940 556 2015 μελλήσας
921 1945 1109 2014 ἐπιμέλλησας

364 2025 410 2082 ἐπ’
426 2028 579 2101 ἀκαιρίμαν
590 2029 632 2097 γλ.
920 2029 968 2082 ἐπὶ
980 2030 1054 2101 ῥῆμα
1066 2033 1109 2100 γλ.

363 2114 453 2186 μηδὲν
465 2115 577 2167 ἐκείνων
919 2113 992 2185 μηδὲ
1004 2115 1116 2169 ἐκείνων

364 2197 461 2271 ὥσπερ
474 2192 524 2253 οὖν
919 2194 991 2269 ὅπερ
1004 2196 1054 2254 οὖν

364 2283 395 2338 τὸ
408 2289 503 2355 τρίτον
920 2302 967 2337 om.
981 2282 1012 2336 τὸ

364 2370 396 2423 τὸ
414 2371 529 2441 πρῶτον
545 2364 671 2437 ἐμπεσὸν
693 2369 806 2439 πρῶτον
821 2368 865 2420 λε·
919 2367 951 2421 τὸ
963 2368 1089 2440 ἐμπεσὸν
1102 2373 1216 2443 πρῶτον
1227 2374 1354 2441 λεγέσθω

397 2457 493 2521 γέσθω

364 2543 412 2597 ἐπὶ
425 2544 498 2593 πάσι
510 2539 540 2594 δὲ
920 2541 968 2593 ἐπὶ
981 2540 1011 2594 ἀέ
1025 2543 1097 2595 πᾶσι

364 2630 524 2690 πεζευέσθω
920 2628 1096 2688 παιζευέσθω

363 2717 409 2767 καὶ
421 2715 469 2767 ἐπὶ
481 2714 552 2764 πᾶσι
566 2708 598 2763 τά
612 2706 693 2778 ὀλίγα
705 2709 797 2763 ἐκεῖνα
919 2715 965 2764 καὶ
977 2713 1121 2765 ἐπίπαστα
1134 2712 1224 2767 ἐκεῖνα
1238 2710 1319 2785 ὀλίγα

363 2799 522 2854 ἐπανθείτω
920 2802 1093 2853 συνανθείτω

364 2884 475 2953 συνεχὲς
487 2880 518 2935 τὸ
531 2878 599 2933 ἀττα
921 2901 969 2937 om.
983 2881 1015 2936 τὸ

292 2969 423 3030 ο.20.ἀπὸ
436 2972 492 3023 τῶν
505 2969 697 3025 Δευκαλίωνος
919 2966 978 3022 ἀπὸ
992 2971 1040 3022 τοῦ
1052 2973 1243 3029 Δευκαλίωνος
1313 2985 1316 2990 ·

363 3054 479 3117 δόξουσι
919 3051 1024 3115 δόξωσι

292 3153 331 3203 <22
336 3144 429 3211 1.περλ
442 3140 545 3193 σαυτοῦ
557 3140 618 3207 λέγε
920 3142 985 3211 περὶ
998 3138 1083 3193 αὐτοῦ
1095 3142 1156 3209 λέγε

364 3224 441 3296 ἀγών
920 3220 1005 3284 όλωςλ

292 3308 437 3379 ἀλλῆν-
453 3314 518 3380 εἴπῃ
595 3326 598 3331 ·
919 3306 1086 3377 ἢν-είποι

362 3397 490 3450 δοκείτω·
504 3392 538 3460 ἢν
919 3394 1009 3449 δόκει·
1023 3398 1077 3450 τῶν

362 3482 464 3553 ἐνεχθῇ
919 3482 949 3535 ἐν
960 3481 1036 3534 ἐθειλ

362 3570 480 3622 εἰσιέναι
919 3566 1024 3620 ἐσιέναι

361 3653 507 3723 ἐπισείσῃς
919 3652 1049 3724 ἐπισείσῃ

362 3740 418 3793 τῶν
428 3741 568 3808 μέμψεων
703 3736 706 3744 ’
918 3738 974 3791 τῶν
983 3739 1081 3798 λέξεων
1092 3740 1138 3790 καὶ
1149 3740 1287 3808 μέμψεων

363 3826 477 3875 τοιαῦτα
487 3823 541 3893 μέν
552 3818 585 3873 τὰ
599 3820 706 3890 φανερὰ
775 3847 781 3857 ·
919 3824 965 3874 καὶ
975 3824 1089 3875 τοιαῦτα
1100 3823 1153 3893 μέν
1166 3820 1199 3875 τά
1213 3841 1321 3895 φανερα

291 3905 526 3980 ο.23.γραμμάτια
918 3913 1096 3978 γραμματεῖα

363 3990 529 4048 ἀνοίσουσιν
919 3988 1072 4046 ἀνόσουσιν

363 4082 392 4131 οἱ
400 4082 506 4132 οἰκέται
763 4107 765 4112 -
920 4094 967 4129 om.
984 4079 1012 4129 οἱ

361 4167 408 4218 καλ
420 4164 450 4217 ἐκ
461 4166 511 4216 τοῦ
523 4158 652 4216 τοιούτου
919 4158 971 4214 κάκ
983 4160 1090 4218 τούτων
1177 4168 1183 4175 ’
