3334 5050
304 563 309 570 ¹
358 539 399 598 90
530 539 775 589 AOYKIANOY
789 539 855 588 ΔΙΣ
870 539 1251 590 ΚΛΊἩΓΟΡΟΥΜΕΝΟΣ

460 689 506 739 Ed.
519 689 615 740 Teubn.
818 690 880 743 Cod.
893 689 951 742 434.
1165 691 1226 742 Cod.
1239 690 1298 740 436.

325 773 328 778 ¹
357 810 573 878 διαλεγομένους
876 850 893 878 ,,
1063 809 1333 882 συνδιαλεγομένους

358 929 457 1000 Ῥήτωρ
469 949 510 989 τις
878 971 895 998 „
1066 948 1113 984 om.
1125 949 1166 990 τις

289 1055 354 1107 αδδ.
361 1055 534 1107 διπλασίονα
544 1052 665 1106 ἀποισό-
717 1049 872 1108 διπλάσιον
885 1050 1031 1126 οἰσόμενοι
1233 1092 1249 1119 ,,

392 1157 476 1212 μενοι

360 1275 410 1330 οὐκ
420 1276 456 1331 ἂν
468 1276 621 1350 ἐβουλόμην
629 1275 696 1358 τοὺς
716 1274 780 1336 τοὺς
790 1274 892 1348 λόγους
904 1276 953 1331 οὐκ
965 1276 1002 1334 ῶν
1013 1278 1040 1332 ὲ·
1069 1276 1169 1348 λόγους
1186 1275 1235 1330 οὐκ
1252 1273 1288 1332 ἂν
1308 1273 1423 1344 ἐβουλό-

393 1361 494 1434 ἰὸγους
742 1360 885 1435 βουλόμην
1091 1381 1149 1436 μην

362 1481 434 1554 πρὸς
444 1482 518 1555 ὑμᾶς
880 1525 895 1552 ,,
1067 1501 1115 1537 nm.

360 1618 437 1695 ὅμως
446 1621 477 1675 δὲ
487 1620 523 1682 ὡς
531 1621 618 1694 νόμος
627 1624 658 1679 ἰν
666 1628 725 1684 τοῖς
742 1618 840 1696 ῶσπερ
849 1622 881 1678 δὲ
889 1621 977 1695 νόμος
989 1623 1020 1680 ἐν
1031 1628 1089 1682 τοῖς
1232 1662 1248 1689 ,,

395 1709 585 1778 δικαστηρίοις
761 1708 953 1777 δικαστηρίοις

361 1833 444 1882 τοῦτο
457 1829 528 1884 ἔστω
881 1871 897 1898 ,,
1066 1826 1143 1882 τοῦτ’
1158 1829 1228 1882 ἔστω

361 1950 406 2004 ὅτι
417 1969 453 2023 με
466 1949 572 2023 σεμνὸν
881 1991 897 2018 ,,
1067 1968 1114 2004 om.
1127 1969 1164 2021 με

360 2075 437 2127 θεῶν
448 2090 477 2126 τε
878 2112 894 2139 ,,
1065 2090 1112 2125 om.
1126 2090 1155 2125 τε

360 2195 455 2265 νεφῶν
880 2232 897 2260 ,,
1066 2196 1190 2264 νεφελῶν

361 2319 475 2389 φέρεται
715 2333 762 2368 om.

360 2433 687 2497 κατασπάσας-ποτῶ-
714 2454 754 2489 om

394 2541 482 2595 μενον

360 2644 431 2719 ὑπὲρ
443 2642 477 2698 τὰ
488 2649 562 2701 νῶτα
714 2641 847 2716 ὑπεράνω

361 2765 453 2822 καὶτὰ
466 2764 598 2839 πτερὰ-
610 2766 725 2835 ἐποίησε
883 2804 899 2832 ,,
1069 2785 1115 2820 om.

361 2893 408 2944 καί
421 2887 570 2962 σατυρικὸν
582 2885 650 2943 ἄλλο
719 2886 788 2943 α”ἰίο
798 2889 845 2939 καὶ
858 2885 1008 2960 σατυρικὸν

364 3008 568 3085 Ἀριστοφάνην
718 3006 895 3082 ἀριστοφάνη

362 3132 396 3186 τὰ
409 3130 503 3203 ὀρθῶς
515 3133 614 3203 ἔχοντα
719 3130 752 3184 τὰ
765 3133 854 3191 καλῶς
866 3130 966 3201 ἔχοντα

361 3254 513 3327 λαθρίδιον
882 3291 899 3317 ,,
1067 3256 1208 3322 λαθραῖον

361 3395 410 3449 ἰπὶ
421 3396 471 3447 τοῦ
484 3396 590 3448 οἰκείου
600 3390 666 3464 σχὴ-
719 3392 767 3447 ἐπὶ
779 3394 829 3445 τοῦ
842 3394 948 3447 οἰκείου
960 3391 1064 3446 διακεί-

394 3499 484 3553 ματος
496 3480 638 3551 διαμένων
754 3496 840 3551 μενος

362 3600 431 3655 ἀλλὰ
445 3600 590 3672 κωμῳδῶν
886 3638 902 3665 ,,
1072 3595 1142 3652 ἀλλὰ
1154 3599 1201 3650 καί
1212 3598 1359 3670 κωμῳδῶν

362 3724 410 3777 ἰπὶ
423 3726 478 3777 τῶν
486 3725 597 3795 μίτρων
717 3721 766 3776 ἐπὶ
778 3724 835 3776 τῶν
845 3717 991 3794 μετεώρων
1237 3759 1253 3786 ,,

362 3842 466 3916 φάσμα
886 3881 902 3908 ,,
1070 3839 1224 3913 φάντασμα

292 3964 378 4034 υ.34.ι”η
391 3964 440 4021 τὸν
452 3963 534 4019 Accii.
720 3982 767 4018 om.
783 3959 800 4031 ἢ

362 4086 412 4142 διὰ
424 4090 506 4141 τοῦτο
717 4082 813 4153 ταύτηι

363 4209 515 4284 αἰδέσιμον
526 4211 579 4284 μὲν
