3334 5050
410 694 458 746 Ed.
471 695 566 746 Teubn.

144 795 169 828 e.
186 777 216 829 2,
234 774 268 830 τὸ
284 777 434 848 διαφυγεῖν

230 862 268 914 τὰ
284 860 432 936 ἀπόρρητοι
445 860 618 934 ἐξαγορεύειν

232 944 337 1017 ὦγαθέ

230 1029 350 1103 μάλιστ’
367 1029 402 1088 ἂν

231 1122 277 1176 τίς
290 1117 321 1170 δὲ
337 1115 351 1169 ὁ

149 1398 171 1430 e.
188 1380 217 1430 3.
232 1374 282 1426 καὶ
296 1368 366 1427 ὅθεν

234 1456 312 1529 εἰμὴ
326 1456 362 1516 ὥς

151 1568 172 1600 c.
187 1551 217 1600 4.
234 1539 308 1596 ὁδὸν
319 1541 413 1611 άπλῆν

233 1628 446 1700 ἒπιρραψωδῶν

234 1711 249 1764 ὁ
264 1713 300 1766 δέ
309 1732 350 1772 τις
363 1713 484 1784 ἔμπαλιν
495 1710 608 1784 ἀγαθὸν
621 1715 691 1769 εἶναι

140 1817 149 1836 ·
234 1795 280 1850 ὅτι
292 1800 357 1869 περὶ
369 1801 426 1853 τῶν
438 1795 645 1854 ἐναντιωτάτων

156 1992 179 2023 c.
197 1974 224 2022 5.
241 1971 334 2038 πολλῷ
352 1968 383 2022 δὲ
400 1965 507 2023 τούτων
522 1968 612 2024 ἐκεῖνο
630 1969 738 2042 άλογά-

270 2071 351 2121 τερον

228 2135 320 2212 χάριν

233 2221 268 2276 τά
282 2224 376 2279 πάντα

232 2311 280 2361 καὶ
292 2308 468 2382 πράττοντας
479 2316 525 2367 καὶ
537 2317 670 2387 λέγοντας

155 2416 176 2447 ο.
192 2396 219 2446 6.
235 2395 322 2463 τῆσδε
334 2398 382 2464 τῆς
393 2398 509 2458 ἐλπίδος

232 2475 279 2533 ὅτι
290 2479 361 2552 μετὰ
375 2485 486 2540 πολλῶν

232 2566 265 2618 τὸ
280 2565 383 2635 ἀληθὲς

232 2651 261 2709 ἔς
273 2655 427 2719 Βαβυλῶνα

233 2738 361 2805 ἐπῳδαῖς
373 2758 401 2793 τε
412 2742 459 2792 καὶ

173 2868 177 2877 ,
193 2829 218 2877 ”.
234 2822 405 2891 παραλαβὼν
417 2826 453 2878 δέ
460 2844 497 2897 με

233 2910 342 2962 εἴκοσιν

231 2990 363 3062 κατάγων

232 3081 318 3150 ρῆσίν
330 3097 392 3133 τινα

233 3164 309 3231 πλὴν

233 3246 367 3322 ἐπανῄειν

231 3331 423 3391 ἀπαντώντων

232 3424 309 3471 σιτία
321 3420 375 3492 μὲν

232 3503 355 3578 ἐκάθηρε

231 3585 327 3649 ἄλλοις
339 3595 469 3647 πλείοσιν
482 3588 541 3665 ἅμα

232 3671 301 3729 ὅλον
311 3694 349 3745 με

233 3762 261 3821 ἐς
273 3758 322 3828 τὴν
332 3764 424 3817 οἰκίαν

163 3872 184 3903 c,
198 3854 220 3904 8.
234 3848 262 3905 ἐς
272 3846 368 3900 Αἴδου

233 3934 389 4005 παρελθεῖν

164 4038 184 4069 ο.
198 4022 221 4071 9.
234 4014 296 4070 ἄλλ’
311 4014 366 4072 ὅσοι

232 4102 441 4176 ἐσεπλεύσαμεν

234 4189 263 4249 ἐς
274 4186 304 4241 τὸ
318 4190 380 4249 ἕλος

700 541 829 592 αλ-θ,

979 694 1038 746 Cod.
1052 696 1111 747 434.

793 794 842 830 om.
856 776 887 828 τὸ

792 859 968 932 ἐξαγορεύειν
979 862 1012 916 τὰ
1026 861 1173 936 ἀπόρρητα

793 941 814 999 ὦ
828 944 925 1016 άγαθέ

792 1029 916 1102 μάλιστα
928 1029 965 1088 ἂν

792 1121 834 1175 τίς
847 1114 875 1168 δ’
887 1115 902 1170 ὁ

793 1202 850 1255 εἶθ’
862 1197 924 1270 ἕξῆξ

793 1305 841 1340 om.
855 1292 899 1341 sed
911 1307 962 1341 sec.
975 1308 1048 1344 manu
1061 1303 1225 1369 superscript.
1278 1341 1281 1345 f

792 1374 839 1424 καὶ
851 1390 899 1426 om.
912 1378 957 1427 sed
969 1393 1020 1431 see.
1032 1397 1106 1432 manu
1118 1401 1245 1452 supet-scr.

794 1454 830 1515 ὥς
841 1460 867 1510 εἰ
877 1454 916 1529 μὴ

793 1539 864 1597 ὁδὸν
876 1540 988 1613 ἁπαλὴν

793 1627 806 1680 ἒ
819 1669 825 1680 .
840 1668 846 1680 .
860 1629 993 1698 ραψωδοι
1006 1673 1012 1684 .
1026 1674 1032 1686 .
1047 1654 1068 1688 ο.
1082 1656 1171 1694 rasura

792 1709 806 1764 ὁ
821 1713 839 1766 δ
842 1716 857 1766 ί
866 1733 908 1773 τις
920 1707 954 1768 αύ
967 1714 1056 1774 πάλιν
1067 1720 1179 1792 ἀγαθὸν
1192 1728 1263 1782 εἶναι

791 1801 857 1870 περὶ
868 1800 921 1872 μὲν
933 1798 987 1874 γάρ
1001 1822 1045 1856 τοι
1063 1811 1119 1863 τῶν
1135 1811 1224 1867 ἐναντ.
1244 1835 1293 1871 om.

827 1904 872 1938 οτι

792 1970 831 2023 ἔτι
845 1971 876 2025 δὲ
889 1975 984 2044 πολλῷ
1000 1980 1081 2032 τοῦτο
1099 1980 1213 2041 ἐκείνων
1229 1986 1294 2044 άτο-

826 2054 954 2133 πιύτερον

791 2140 872 2197 ἕνεκα

792 2246 840 2281 0m.
856 2227 890 2284 τά

791 2313 1006 2382 ἐπιτηδεύοντας

791 2397 891 2467 ταύτης
902 2406 950 2470 τῆς
963 2403 1080 2466 ἐλπίδος

791 2487 854 2540 ἐπεὶ
865 2486 936 2559 μετὰ
950 2493 1063 2547 πολλῶν

791 2568 911 2640 τάληθὲς

791 2660 831 2715 εἰς
842 2664 877 2710 Β.
892 2672 1000 2716 correct.
1013 2666 1038 2717 in
1051 2666 1079 2726 ἐς

753 2763 756 2767 ’
791 2760 839 2795 om.
853 2763 882 2797 Ῐὲ

790 2829 961 2900 παραλαβών
974 2831 1009 2903 δή
1020 2854 1058 2906 με

791 2918 881 2968 εἴκοσι

789 2999 955 3071 καταγαγὼν

790 3105 838 3139 om.
851 3105 913 3141 τινα

790 3168 865 3238 πλὴν
876 3170 936 3225 ἀλλ’

789 3256 904 3326 ἓπανήει

789 3340 923 3399 ἁπάντων

791 3436 867 3482 σιτία
878 3423 912 3498 ἦν

789 3516 897 3586 καθῆρε

789 3593 849 3670 ἅμα
861 3603 1002 3660 πλείοσιν·
1016 3604 1077 3680 άμα

702 3743 704 3750 s
788 3701 826 3755 με
839 3680 907 3740 ὅλον

790 3772 830 3829 εἰς
842 3769 892 3838 τὴν
904 3778 996 3830 οἰκίαν

790 3860 829 3916 εἰς
841 3858 936 3912 Αἴδου

790 3940 915 3997 διελθεῖν

789 4024 859 4079 άλλα
872 4026 926 4081 ὅσα

790 4111 1005 4187 εἰςεπλεύσαμεν

789 4202 829 4259 εἰς
841 4195 872 4252 τὸ
885 4198 946 4259 ἕλος
