3334 5050
697 1427 957 1519 PRAEFATIO.

381 1783 479 1872 (luunt
508 1803 556 1864 diu
581 1821 666 1882 aegre
692 1802 840 1872 tulissem,
870 1801 1051 1880 optimorum
1075 1802 1192 1863 Luciani
1215 1802 1354 1866 Codicum

296 1900 507 1966 Marciancrum
541 1906 715 1984 scripturas,
749 1924 765 1964 a
795 1904 906 1964 Coheto
939 1904 1001 1964 viro
1031 1905 1269 1982 ingeniosissimo
1301 1907 1357 1967 du·

297 2001 366 2062 dum
396 2017 527 2085 repertas
541 2012 568 2083 ¹)
589 2015 675 2087 atquc
702 2024 855 2076 excussas,
883 2015 912 2066 at
930 2007 960 2066 in
982 2007 1089 2068 chartis
1112 2007 1242 2067 eiusdem
1263 2026 1356 2088 prope

296 2105 435 2181 seclusae,
462 2117 624 2171 ceterorum
650 2109 783 2168 omniurn
811 2127 898 2168 usum
924 2108 1026 2183 latere,
1054 2127 1169 2169 summa
1196 2118 1305 2172 aestate
1330 2130 1356 2172 a.

296 2205 504 2270 MDCCCLVlll
527 2211 642 2290 publico
669 2231 704 2270 ex
731 2220 815 2290 parte
835 2220 957 2289 sumptu
979 2209 1112 2272 Venetias
1135 2211 1284 2289 profectus
1305 2231 1358 2294 per

297 2307 397 2386 viginti
417 2310 479 2371 dies
499 2312 552 2384 ibi,
581 2321 721 2392 quantum
743 2313 842 2392 potui,
869 2332 904 2371 ex
923 2313 1070 2373 thesauris
1096 2314 1150 2374 illis
1179 2313 1208 2374 in
1235 2316 1357 2377 schedas

296 2429 377 2472 meas
404 2416 549 2492 congessi.
594 2417 741 2489 Quoniam
768 2423 879 2486 autem,
908 2424 939 2474 ut
964 2424 1034 2475 sunt
1059 2426 1181 2493 angusta
1208 2435 1272 2477 mea
1299 2416 1357 2477 otia

295 2520 381 2593 atque
401 2517 531 2578 muneris
552 2515 660 2597 publici
673 2517 822 2580 laboribus
840 2516 1072 2597 circumscripta,
1094 2536 1155 2579 non
1170 2517 1274 2580 licebat
1288 2537 1357 2598 spe-

296 2634 374 2691 rare,
401 2618 499 2697 ipsum
524 2639 571 2680 me
592 2620 705 2693 omnia,
734 2640 807 2699 quae
827 2620 974 2692 haberem,
990 2620 1024 2679 ad
1041 2620 1222 2681 emendanda
1236 2619 1356 2682 Luciaui

296 2720 404 2799 scripta
424 2722 557 2783 conferre
580 2742 681 2801 posse,
706 2723 800 2784 trihus
822 2722 940 2783 Luciani
962 2722 1063 2783 libellis
1085 2723 1356 2801 manuscriptorum

294 2821 410 2883 illorum
434 2824 539 2884 auxilio
558 2824 700 2901 eninm),
722 2826 831 2904 reliqna
853 2827 882 2885 in
898 2844 1001 2887 museo
1018 2825 1159 2885 Rhenanc
1176 2844 1242 2886 curn
1258 2826 1357 2887 homi-

294 2923 381 2985 nibus
398 2925 494 2986 doctis
510 2928 729 2989 communicare
744 2929 866 2989 institui.
900 2927 991 3000 Uhi³l
1013 2929 1164 3006 hucusque
1180 2935 1208 2987 et
1223 2929 1356 3007 exposui,

294 3026 358 3105 qui,
382 3036 463 3105 qum,
486 3028 586 3106 quales
603 3040 701 3090 essent
716 3030 746 3090 in
761 3030 936 3091 bibliotheca
950 3030 1094 3090 Marciana
1108 3030 1226 3091 Luciani
1242 3031 1356 3093 codices

293 3129 503 3209 manuscripti,
524 3140 553 3191 et
572 3132 602 3191 in
619 3132 811 3194 Alexandrum
829 3142 954 3212 quatuor
969 3132 1103 3193 codicum
1119 3132 1259 3195 lectiones
1275 3134 1357 3214 plura

295 3231 433 3311 deinceps
455 3232 625 3311 prolaturus
641 3234 765 3295 exhibui.
797 3234 854 3294 Sed
872 3251 907 3293 ne
922 3233 1095 3312 sicquidem
1113 3254 1204 3313 ‹puum
1220 3236 1291 3298 satis
1307 3255 1356 3298 ce-

293 3333 390 3395 leriter
416 3335 546 3414 salisque
567 3336 724 3397 conrmode
744 3336 862 3397 Luciani
879 3335 992 3397 utilitati
1013 3336 1180 3397 consultum
1203 3338 1357 3412 videretur,

257 3538 265 3549 ¹
365 3527 387 3589 l)
407 3526 433 3577 C.
449 3526 479 3579 G.
494 3528 603 3589 Cobet,
629 3528 710 3577 oratio
728 3529 758 3577 de
775 3535 831 3578 urle
849 3528 1031 3596 interpretandi
1048 3531 1221 3593 grammatices
1239 3537 1265 3580 et
1283 3530 1357 3580 criti-

292 3627 335 3661 cos
357 3609 523 3663 fundamentis
546 3614 637 3662 innixa
657 3613 775 3679 primario
796 3614 915 3678 philologi
936 3612 1027 3664 cilicio.
1067 3614 1180 3677 Lugduni
1206 3614 1357 3666 Batavorum

292 3696 504 3749 nucccxhvlr.

362 3782 386 3845 2)
410 3782 512 3834 Luciam
533 3785 653 3834 somnium
672 3784 726 3833 sive
744 3785 797 3833 vila
815 3783 928 3834 Luciani.
959 3785 998 3835 llx
1017 3784 1143 3835 codicibus
1162 3785 1296 3837 Marcianis
1314 3803 1355 3837 rc·

293 3867 411 3929 cognovit
428 3867 532 3917 lulius
550 3868 793 3919 Sommerbrcdt.
819 3870 919 3919 striclam
936 3869 1008 3920 1859.
1033 3869 1210 3934 husgewtnhe
1230 3871 1354 3923 Schriften

292 3951 448 4003 desLucion.
474 3953 577 4004 llrlxliirt
597 3970 645 4003 von
663 3954 768 4005 lulius
786 3955 1028 4006 Scmmerbrodt.
1061 3957 1083 4007 l.
1102 3957 1244 4006 lliindcbcn:
1272 3957 1355 4010 Ueber

291 4036 398 4086 bucinus
418 4038 500 4088 Leben
527 4041 575 4089 und
593 4038 728 4089 Schrillen.
753 4040 861 4091 Luciuns
880 4041 980 4091 'l'ruum
1005 4042 1110 4092 Charon.
1134 4040 1230 4091 Timon.
1259 4043 1352 4105 berlin,

292 4122 507 4173 Weidmannsche
518 4125 716 4188 bucbbundlung.
739 4124 811 4175 1860.

360 4207 384 4271 ³)
398 4208 485 4257 llhein.
498 4208 610 4259 Museum
622 4208 638 4259 l.
651 4210 797 4272 Philologio.
815 4212 886 4262 Neue
897 4213 974 4275 l'olge
985 4212 1045 4263 XlV
1055 4229 1077 4277 p.
1089 4210 1169 4261 bldll'.
1183 4211 1231 4262 XV
1242 4227 1264 4277 p.
1275 4210 1354 4261 asch.
