3334 5050
1161 498 1323 579 ¹ru

270 677 351 730 mus,
379 658 429 717 sed
456 657 532 716 idem
555 657 589 716 ad
612 656 827 716 emendandum
848 652 1008 715 Lucianum
1036 650 1159 711 manime
1188 652 1321 714 idoneus.

264 759 325 820 Etsi
345 757 422 818 enim
442 757 594 818 innumera
613 757 642 816 in
663 775 697 817 co
718 766 787 818 sunt
801 759 954 821 manifesta
969 755 1048 827 vitia,
1067 763 1164 815 tamen
1179 760 1224 814 tot
1237 754 1323 814 habet
1388 813 1391 820 ,

265 879 333 922 suas
346 860 516 938 scripturas,
529 878 564 918 ex
576 858 655 919 nullo
665 857 719 919 alio
728 859 928 939 manuscripto
940 859 1093 936 hucusque
1103 855 1246 934 cognitas,
1259 873 1323 916 eas-

266 980 322 1040 que
337 961 443 1041 quibus
459 960 531 1021 mira
543 959 683 1039 quaedam
696 961 772 1021 haud
784 962 886 1040 paucis
897 979 988 1040 paene
1004 957 1167 1038 desperatis
1178 957 1248 1018 locis
1260 977 1323 1041 me·

265 1063 328 1124 dela
339 1064 481 1136 afferatur,
497 1068 530 1122 ut
545 1081 578 1122 er
595 1062 707 1141 optimo
724 1063 856 1141 exemplo
877 1081 944 1123 eum
960 1061 1137 1139 descriptum
1153 1077 1218 1119 esse
1233 1078 1324 1139 appa-

268 1171 336 1225 reat.
365 1165 430 1236 Quo
446 1162 539 1242 magis
556 1163 713 1224 dolendum
726 1164 805 1243 quod
817 1164 961 1225 Lucianea
976 1163 1047 1225 haec
1061 1180 1150 1242 pauca
1167 1161 1275 1241 scripta
1295 1163 1325 1222 in

270 1286 304 1327 eo
325 1266 386 1326 aliis
407 1266 579 1344 interposita
602 1273 686 1327 sunt:
718 1259 844 1327 ἒνάλιοι
873 1259 1027 1347 διάλογοι
1050 1258 1160 1325 Νότου
1182 1259 1239 1325 καί
1262 1267 1326 1326 Ζε-

271 1361 388 1451 φύρου,
420 1367 513 1428 θεῶν
541 1360 695 1447 διάλογοι
728 1375 850 1448 excepto
871 1369 990 1430 dearum
1011 1365 1133 1437 iudicio,
1163 1357 1327 1448 ἑταιρικοί

272 1464 439 1550 διάλογοι,
462 1464 606 1549 νεκρικοὶ
630 1463 797 1550 διάλογοι,
822 1467 909 1551 πρδς
929 1466 987 1532 τδν
1009 1460 1225 1550 άπαίδευτον,
1249 1462 1327 1550 περὶ

270 1565 433 1645 πένθους,
455 1567 533 1654 περὶ
556 1563 757 1653 παρασίτου,
780 1564 1002 1654 Ἀλέξανδρος,
1026 1563 1101 1653 δίκη
1125 1563 1327 1654 φωνηέντων,

272 1667 558 1756 ψευδοσοφιστής,
583 1667 637 1745 δίς
658 1667 947 1756 κατηγορούμενος,
974 1666 1056 1750 βίον
1076 1667 1209 1758 πρᾶσις,
1231 1664 1328 1752 ῥητά-

272 1769 338 1856 ρων
371 1761 585 1847 διδάσκαλος,
623 1765 747 1848 άλιεύς,
781 1767 934 1848 Λούκιος
973 1777 1119 1852 (extrema
1144 1790 1214 1850 pars
1240 1771 1327 1833 huius

271 1874 335 1937 libri
356 1882 385 1935 et
407 1875 455 1954 qui
484 1881 646 1953 sequuntur
671 1893 774 1935 omnes
800 1877 854 1937 alia
881 1896 969 1956 eatlue
995 1876 1093 1936 minus
1113 1874 1240 1953 dillgenti
1261 1894 1328 1936 ma-

271 1995 312 2038 nu
337 1976 444 2037 exarati
479 1979 580 2051 sunt),
615 1968 780 2059 προλαλία
812 1969 1032 2059 δἩρακλῆς,
1064 1971 1149 2057 πρὸς
1176 1965 1330 2060 Νιγρῖνον

272 2070 435 2161 ἐπιστολή
463 2077 610 2156 (dialogus
631 2078 694 2156 ipse
720 2078 833 2156 deest),
864 2074 1013 2159 Φάλαρις
1038 2078 1098 2138 let
1117 2078 1154 2149 ΙΙ,
1181 2069 1328 2153 Ἱππίας,

271 2170 370 2256 μυίας
391 2172 562 2259 ἐγκώμιον,
585 2172 747 2262 Πανόπης
767 2173 824 2241 καί
845 2175 994 2263 Γαλήνης
1016 2174 1181 2260 διάλογος,
1210 2172 1328 2259 Τίμων,

272 2274 350 2361 περὶ
371 2281 431 2340 τού
453 2273 615 2343 ἐνυπνίου.
654 2281 769 2342 Scholia
785 2281 871 2343 habet
885 2299 991 2362 pauca,
1006 2283 1095 2343 rubro
1111 2281 1209 2342 colore
1230 2281 1282 2342 alia
1298 2282 1327 2342 in

271 2381 400 2460 margine
415 2382 468 2443 alia
482 2383 557 2443 inter
572 2384 652 2462 ipsas
667 2383 757 2445 lineas
772 2383 858 2463 picta.

356 2482 413 2557 Qui
439 2491 549 2547 restant
575 2494 728 2565 quatuor
755 2485 871 2547 codices
898 2503 1002 2546 omnes
1024 2485 1165 2547 chartacei
1191 2493 1220 2546 et
1238 2502 1329 2565 pauca

272 2585 390 2647 Luciani
417 2586 524 2665 scripta
549 2587 702 2648 continent
721 2594 750 2648 ct
769 2587 864 2665 exigui
884 2598 954 2650 sunt
979 2588 1128 2648 momenti.
1158 2588 1193 2647 ln
1213 2587 1259 2647 his
1281 2588 1331 2665 qui

273 2687 544 2765 praestantissimus
567 2697 611 2750 est
630 2697 716 2769 atque
738 2708 804 2750 cum
825 2710 849 2752 c.
866 2692 928 2753 436
943 2708 1154 2768 nonnunquam
1172 2689 1331 2767 conspirat,

273 2797 419 2869 quartus
432 2784 512 2851 num.
527 2793 611 2865 517,
628 2793 724 2853 forma
741 2791 768 2867 8,
789 2792 839 2869 fol.
862 2792 931 2865 134,
949 2790 1055 2853 saeculi
1076 2799 1107 2850 ut
1126 2790 1239 2852 videtur
1259 2791 1331 2867 llll,

273 2891 391 2977 luciani
406 2892 476 2953 nihil
491 2893 578 2955 habet
592 2902 706 2972 praeter
720 2894 914 2957 Alexandrum
931 2894 1010 2954 etde
1030 2891 1171 2953 calumnia
1192 2892 1331 2953 libellum.

358 2992 391 3053 n
412 2993 538 3071 quinto
560 2995 625 3056 coo.
645 2995 717 3068 ιον,
737 2996 831 3056 forma
853 2995 956 3068 aro.
976 2994 1176 3066 adusserat
1197 3012 1235 3056 ιι.
1257 2979 1331 3065 ruv',

272 3094 373 3155 insunt
389 3087 567 3156 ἐπιστολαί
590 3088 765 3178 Κρονικαί,
790 3092 867 3180 περὶ
890 3094 948 3159 τοῦ
962 3092 1007 3179 μὴ
1024 3090 1149 3179 ῥᾳδίως
1165 3088 1334 3157 πιστεύειν

275 3191 427 3277 διαβολῇ,
450 3188 613 3277 πατρίδος
635 3188 826 3279 ἐγκάμιον;“

360 3296 393 3356 ln
409 3304 511 3357 sexto
541 3298 605 3359 cod.
627 3300 705 3371 445,
733 3300 829 3361 forma
850 3299 883 3373 8,
909 3300 960 3361 lol.
977 3300 1053 3371 283,
1082 3299 1186 3361 saeculi
1213 3318 1253 3361 cr.
1274 3299 1333 3371 XV,

274 3398 394 3460 Luciani
418 3393 501 3472 Ζεύς
521 3395 707 3484 τραγῳδός,
736 3397 818 3473 Ζεύς
845 3395 1066 3481 ἐλεγχόμενος,
1095 3391 1229 3483 ίίνειρος,
1253 3391 1335 3461 Ἰκα-

276 3495 497 3583 ρομένιπποςι

361 3604 394 3664 ln
411 3603 564 3682 septimo
580 3605 644 3666 cod.
662 3604 732 3682 438,
748 3606 845 3667 forma
860 3606 889 3679 8,
905 3606 966 3669 280
982 3605 1032 3665 lol.
1062 3605 1192 3666 Phalaris
1207 3604 1227 3665 l.
1243 3604 1277 3664 ll.

365 3705 513 3766 Accedunt
541 3706 651 3768 'multae
682 3708 844 3788 scripturae
869 3709 899 3769 in
926 3708 1056 3786 margine
1079 3707 1205 3786 exempli
1233 3706 1337 3780 dldini,

280 3806 358 3887 quod
382 3806 412 3868 in
432 3806 606 3870 bibliotheca
625 3810 768 3873 lllarciana
787 3818 965 3882 asservatur,
986 3809 1162 3891 adscriptae,
1182 3826 1244 3870 non
1264 3825 1337 3869 con-

280 3908 452 3969 temnendae
467 3909 543 3985 illae,
564 3910 668 3993 quibus
686 3914 771 3974 etiam
788 3913 915 3976 Cobetus
932 3912 962 3972 in
979 3911 1065 3973 variis
1081 3910 1254 3973 lectionibus
1271 3927 1336 3970 sae-

282 4027 445 4087 penumero
463 4010 657 4074 videturesse
672 4033 752 4076 usus

364 4111 407 4173 Ex
426 4112 472 4173 his
488 4113 626 4176 omnibus
642 4117 768 4198 exceptis
782 4117 868 4179 codd.
879 4116 950 4181 427,
963 4115 1025 4179 438
1040 4116 1084 4179 vel
1095 4132 1199 4177 omnes
1210 4112 1339 4177 nonnul-

1127 4245 1139 4283 n
