3334 5050
330 697 378 748 Ed.
391 695 488 748 Τεολιο.

158 835 178 868 ε.
192 815 216 866 3.
231 812 420 870 ἐπισκώπτων

230 934 322 1010 ἄνδρα

230 1054 364 1116 κούδενὸς
376 1055 450 1126 αὐτῷ
461 1059 540 1130 μέλει

233 1177 308 1248 λάβω
321 1181 394 1232 ποτέ

232 1297 318 1374 λάβῃς

306 1492 384 1544 nial.
398 1491 495 1544 xxvi.

339 1577 385 1629 Ed.
398 1576 495 1629 Tenba.

165 1721 185 1754 c.
203 1703 223 1754 1.
237 1696 444 1770 ἐπιθυμήσειας

238 1993 278 2049 τίς
289 1989 339 2043 δαί

199 2159 203 2166 ,
237 2109 304 2179 ἔρως
315 2113 365 2162 τοῦ
378 2108 506 2165 θανάτου

658 541 742 593 ΧΧΙΙ.
760 541 857 594 xxvi.

658 694 717 747 eod.
731 694 790 746 434.
802 693 862 746 435.
1080 693 1139 745 436.

957 809 1138 868 ἐπισκόπτων
1150 858 1156 870 .

602 954 650 990 σοι.
662 938 687 988 in
700 935 749 987 435

604 1054 720 1115 οὐδενὸς
732 1054 807 1124 αὐτῷ
817 1058 897 1127 μέλει
954 1073 1003 1108 om.

603 1176 678 1246 λάβω
691 1183 788 1232 ΜΕΝ.
802 1175 873 1231 πότε
1104 1216 1121 1244 „

751 1338 768 1367 ,‚
954 1295 1050 1367 λάβοις

664 1576 723 1629 eod.
737 1575 795 1630 434.
807 1577 867 1629 435.
1085 1577 1144 1628 436.

606 1694 789 1770 ἐπεθύμησας
812 1715 939 1766 superant.
1107 1734 1125 1763 „

636 1801 687 1836 τεο.
705 1800 779 1838 manu
799 1779 942 1855 ἐπιθυμή-

636 1882 713 1928 σειας
724 1871 749 1922 ἰο
761 1869 813 1921 434

606 1994 648 2049 τίς
660 1988 692 2043 δέ
960 1994 988 2042 τέ
999 1989 1031 2043 δέ

608 2113 658 2164 τοῦ
669 2093 797 2165 θανάτου
810 2109 879 2182 ἐρως

237 2227 288 2283 οὐκ
303 2223 338 2298 ἦν
359 2230 399 2282 ἔτι
419 2227 471 2299 ἡδὺ
492 2228 568 2284 ἀπο·
603 2227 688 2286 οὐδέν
698 2250 725 2285 τι
738 2229 791 2299 ἡδὺ
804 2228 947 2301 ἀπέλαβον

271 2313 365 2370 λαόειν

237 2435 290 2506 οὐχ
301 2432 412 2490 ἁπλοῦν

238 2562 293 2620 ζῶν

237 2677 391 2735 ἀπολαύων

237 2799 449 2857 ἀκολουθοῦντα
470 2801 556 2857 θάτε-

274 2904 324 2956 ρον
335 2890 446 2960 θατέρῳ

238 3010 309 3080 γοῦν

238 3129 292 3206 νᾶο

240 3254 270 3307 ἐν
282 3256 320 3321 τῷ
332 3252 408 3323 αὐτῷ

242 3371 309 3427 ἀλλὰ
328 3378 373 3428 καὶ
391 3376 474 3444 ἐντῷ
489 3372 529 3446 μὴ
541 3393 592 3448 με·

275 3464 391 3530 τασχεῖν

242 3583 303 3639 πῶς

243 3754 337 3823 φέρεις

174 3893 193 3925 c.
207 3876 229 3925 2.
243 3874 274 3928 ἐν
287 3876 360 3944 φωτλ

242 4040 258 4111 ἢ
271 4047 317 4097 καλ
330 4044 361 4099 ἐν
374 4043 464 4114 σκότῳ

244 4167 333 4237 διψῆν

607 2436 640 2491 οὐ
655 2435 756 2493 ταύτόν
1109 2477 1126 2505 ,,

609 2560 675 2622 ἐζων
1110 2598 1128 2627 „

609 2682 752 2750 ἀπέλαβον

963 2801 1141 2857 ἀκολουθοῦν
1150 2803 1261 2875 θατέρῳ

1111 3051 1129 3079 33

963 3133 1018 3207 γὰρ
1030 3150 1158 3202 supet-ser.
1172 3127 1222 3188 οὖν
1278 3138 1282 3143 ’

759 3294 775 3322 ,,
962 3272 1010 3308 om.
1024 3274 1098 3323 αυτῳ

763 3621 779 3649 ,,
967 3600 1015 3635 om.
1028 3584 1089 3642 πῶς

983 3686 1046 3739 ελπέ

763 3793 780 3821 ,,
966 3751 1112 3826 ἐπιφέρεις
1124 3757 1178 3820 (uic)

612 3875 692 3945 ἐντῷ
704 3879 777 3948 φωτὶ
1115 3917 1132 3945 ,,

616 3973 658 4031 Ἠ

616 4047 663 4099 καὶ
674 4045 704 4101 ἐν
717 4044 807 4115 σκότῳ
820 4047 889 4114 (434)
966 4044 982 4116 ἢ
996 4048 1026 4102 ἐν
1038 4046 1129 4117 σκότῳ

763 4208 781 4237 ,,
967 4172 1067 4236 πεινῆν
