3334 5050
307 521 343 582 ur
651 529 652 534 ¹
736 514 933 568 ruuurarro.

307 672 501 734 libentissimo
523 674 619 734 animo
641 670 749 750 arripui
771 671 949 733 voluntatem
966 669 1243 742 Weidmannorum,
1264 670 1361 749 quiid

307 776 432 836 maxime
460 782 590 852 agentes,
611 782 644 834 ut
663 772 757 833 Caroli
777 773 918 846 daimon,
938 773 989 833 viri
1005 775 1125 852 egregii,
1146 773 1279 835 librariae
1293 792 1363 835 suae

303 894 398 956 nuper
410 875 562 956 praesidis,
579 874 751 935 memoriam
764 875 818 935 rite
831 875 936 944 colant,
952 893 1017 936 curn
1032 875 1093 936 aliis
1106 877 1205 937 multis
1217 876 1303 937 rebus
1316 876 1362 946 lit-

306 979 376 1040 teris
389 979 530 1058 prodesse
545 984 674 1058 pergant,
689 985 751 1037 turn
768 995 842 1056 quae
857 995 911 1054 ego
929 977 1029 1055 collegi
1045 996 1105 1038 uno
1118 977 1264 1038 volumine
1280 996 1362 1038 corn-

306 1081 450 1161 prehensa
466 1079 573 1160 publici
589 1079 660 1141 iuris
676 1078 771 1140 lacere
785 1079 971 1140 induxerunt.

394 1185 459 1256 Quo
476 1183 500 1242 si
517 1183 574 1242 hoc
589 1183 723 1260 ellectum
740 1180 804 1254 erit,
820 1189 852 1241 ut
867 1182 962 1242 studia
975 1182 1117 1242 Lucianea
1132 1182 1280 1260 paululum
1293 1199 1363 1260 pro-

305 1293 492 1356 moveantur,
513 1283 648 1362 inprimis
665 1291 696 1343 ut
712 1282 887 1355 Fritzschio,
911 1283 972 1343 viro
994 1284 1023 1344 in
1040 1283 1167 1343 Luciano
1183 1282 1363 1344 emendando

304 1387 503 1461 meritissimo,
526 1393 661 1464 exoptata
676 1385 710 1445 ad
726 1402 831 1445 novam
851 1385 982 1463 ipsius¹l
1003 1386 1205 1446 recensionem
1221 1384 1364 1465 praesidia

295 1489 537 1567 suppeditentur,
552 1507 586 1548 eo
600 1487 797 1548 vehementius
811 1487 950 1564 gaudebo,
965 1488 1043 1565 quod
1060 1486 1102 1547 sic
1116 1487 1201 1547 etiam
1218 1487 1364 1546 universi-

305 1592 355 1653 tati
370 1591 530 1652 litterarum
546 1590 756 1650 Vratislariensi
772 1589 829 1649 hoc
844 1590 1052 1651 munusculum
1068 1590 1114 1668 pia
1127 1598 1224 1649 mente
1237 1589 1364 1650 oblatum

304 1695 380 1756 haud
397 1695 542 1771 ingratum
560 1692 622 1754 lore
638 1692 763 1753 confido.
791 1693 883 1764 Quam
901 1692 1018 1770 quidem
1034 1691 1209 1752 academiam
1226 1711 1279 1770 per
1295 1692 1365 1750 haec

306 1797 404 1857 decem
420 1797 510 1856 lustra
528 1814 593 1854 cum
610 1794 701 1872 gloria
718 1794 832 1855 condita
849 1795 878 1854 in
895 1794 1023 1874 antiquis
1035 1794 1224 1872 potissimum
1238 1793 1364 1852 Graeco-

305 1917 370 1960 rum
388 1905 415 1958 et
428 1898 628 1958 Romanorum
645 1896 746 1957 litteris
760 1897 868 1974 insigni
880 1914 957 1966 cura,
974 1897 1139 1975 sagacitate,
1156 1895 1294 1973 elegantia
1307 1895 1364 1955 ela-

306 2003 442 2072 borasse,
457 2007 488 2060 ut
505 2019 555 2058 cos
572 2007 692 2071 taceam,
709 2000 757 2078 qui
773 2000 859 2080 etiarn
875 2017 954 2060 nunc
968 2000 1038 2060 lraec
1052 1999 1146 2059 studia
1164 2016 1281 2059 summo
1298 2015 1363 2056 orn-

306 2104 385 2164 nium
403 2102 507 2182 plausu
522 2103 728 2174 moderantur,
750 2101 955 2174 Ritsohelium,
972 2102 1126 2174 Haasium,
1142 2100 1365 2171 Rossbachium,

307 2204 522 2284 Westphalum,
543 2204 702 2265 clarissima
718 2203 866 2265 Francisci
886 2203 1059 2264 Passowii
1076 2205 1170 2264 soceri
1186 2200 1366 2264 dilectissimi

308 2315 337 2367 et
352 2307 381 2366 C.
397 2307 430 2366 ll.
447 2306 512 2366 Chr.
530 2305 737 2367 Schneideri
754 2306 878 2366 Saxonis
894 2306 1013 2366 nomina
1028 2314 1180 2366 testantur.

393 2407 503 2468 Horum
524 2415 620 2468 autem
643 2407 787 2480 virorum,
807 2408 837 2468 in
859 2407 965 2486 quihus
981 2407 1136 2487 singularis
1152 2409 1282 2469 doctrina
1300 2427 1365 2468 cum

307 2511 380 2571 mira
401 2510 523 2589 quatiam
541 2528 657 2571 morum
675 2509 825 2571 sanctitate
841 2510 995 2591 conjuncta
1011 2520 1080 2582 erat,
1096 2520 1128 2572 ut
1143 2511 1228 2572 etiam
1244 2510 1368 2590 posthac

299 2612 434 2691 'vestigiis
451 2612 615 2683 insistatur,
637 2621 670 2673 ut
689 2613 744 2673 hae
760 2612 887 2691 optimae
901 2621 977 2674 artes
994 2620 1112 2674 strenue
1127 2632 1160 2673 ac
1175 2613 1304 2690 gnaviter
1318 2632 1365 2673 re-

306 2715 460 2788 tineantur,
476 2716 641 2787 sumentur,
658 2715 879 2794 amplificentur,
897 2715 1029 2794 quisquis
1046 2733 1202 2776 mansurae
1217 2715 1368 2775 Viadrinae

307 2817 391 2879 saluti
406 2836 439 2879 ac
454 2817 642 2898 prosperitati
657 2824 734 2879 recte
748 2825 938 2896 prospectum
955 2816 1045 2889 volet,
1066 2817 1094 2876 in
1112 2816 1236 2877 summis
1252 2816 1368 2876 habebit

307 2922 392 2981 votis.

353 3038 481 3100 Scribeb.
500 3039 663 3101 Posnaniae
679 3040 777 3100 ldilrus
793 3038 872 3100 Iuliis
889 3038 1080 3099 llllCCCLXl.

310 3216 341 3223 -

379 3296 402 3358 1)
415 3294 540 3344 Lucienus
551 3294 736 3345 Samosateusis
749 3293 860 3343 Franci
869 3309 938 3342 scus
951 3293 1152 3344 Fritzscliius
1163 3291 1297 3342 recensuit.
1317 3291 1367 3341 Vo-

309 3380 408 3431 luminis
418 3376 428 3426 l
447 3377 515 3429 Part.
525 3378 544 3430 l.
563 3378 689 3429 llostoclrli
700 3374 866 3427 MDCCCLX.
