3334 5050
358 531 398 592 92
525 531 768 582 Λογπιππογ
787 530 966 581 νπτοοευν
987 533 1252 584 ,ιιαΑΣΚΑΛοΣ

532 684 579 735 Εδ.
595 681 691 733 Tenba.

358 766 431 837 πρὸς
444 763 579 820 ἁπάντων

357 853 537 922 ἐκπορίσαιτο

288 956 310 988 ο.
324 939 348 988 2.
360 935 391 989 τὸ
402 938 456 1007 μὲν
468 967 497 975 —-
514 933 630 1006 θήραμα

359 1020 460 1074 σκόπει
472 1023 542 1090 γοῦν

288 1102 479 1174 οᾶᾢωῶ

355 1190 480 1262 ἡμεῖςν

357 1274 497 1334 ὠςέπὶτὸ
511 1276 582 1329 πολὺ

355 1356 481 1433 εὐωχήσῃ

356 1446 445 1500 ἐνίοτε

286 1553 307 1587 ο.
321 1536 345 1585 4.
359 1530 433 1603 πρὸς
444 1535 543 1604 φιλίου

357 1617 473 1688 ἔνερθεν

287 1721 307 1754 ι.
321 1706 345 1754 5.
357 1703 386 1761 ἐς
398 1699 447 1768 τήν
461 1700 591 1773 Ἀραβίαν

359 1786 487 1859 ἔμπορον

286 1887 307 1920 ι.
319 1869 344 1921 6.
357 1870 389 1924 τὸ
402 1869 469 1925 αὐτὸ

355 1959 468 2028 πρῶτον

355 2039 493 2109 καθήσθω

354 2127 403 2181 ἐπὶ
415 2128 521 2197 θατέρᾳ
534 2128 569 2181 δί
577 2147 628 2200 μοι
728 2109 736 2124 ἱ

355 2210 432 2267 δόκει
518 2229 521 2235 ·
673 2225 678 2232 ”

355 2301 541 2369 παρέστωσαν

357 2384 456 2435 πολλοὶ
468 2380 670 2452 ἁπανταχόθεν

355 2464 539 2540 ἐκπετόμενοι

355 2551 390 2622 δή
404 2551 439 2607 σὺ

355 2638 462 2708 δηλαδὴ
476 2637 521 2694 ὅτι
532 2640 650 2711 τάχιστα
662 2643 796 2711 γενέσθαι

354 2723 435 2797 νόμον

283 2829 305 2862 ο.
318 2812 342 2860 7.
356 2806 464 2865 όίνοδον

354 2892 449 2961 δεήσει

355 2977 473 3053 ἔόόδρος

353 3069 446 3137 μικρῷ
461 3066 590 3137 πρόσθεν

264 3169 304 3202 ὀ.
318 3152 342 3203 8.
356 3148 447 3220 ὁμαλὴ

353 3234 567 3307 εὐδαιμονήσεις

205 3317 208 3323 “
283 3336 305 3370 ι.
319 3320 343 3370 9.
355 3317 489 3393 πρόσεισι

353 3425 395 3465 τις
406 3404 477 3479 ἀνήρ

354 3491 424 3545 ὀδοῦ
433 3492 539 3559 ἐκείνης

352 3577 478 3632 ἕπεσθαί
489 3580 518 3631 οἱ
530 3578 790 3651 παρακελευόμενος

352 3666 398 3717 καὶ
410 3661 496 3736 φήσει

353 3745 445 3803 κόλων

352 3839 473 3904 Κριτίαν

353 3915 549 3990 ἀποτεταμένα

353 4001 539 4074 ἀνιαρότατον

352 4088 518 4161 ὑπογράψει

353 4173 368 4229 ό
383 4174 414 4228 δὲ
427 4174 475 4229 ἐπὶ
488 4173 596 4236 τούτοις

1101 683 1161 737 eod.
1175 683 1233 736 436.

916 767 981 838 περὶ
993 765 1107 820 πάντων

915 849 1081 919 ἔκπορίσαιο

915 951 963 987 om.

915 1019 1016 1075 σκόπει
1028 1015 1078 1075 οὖν

917 1123 963 1158 om.
976 1105 1007 1158 δὲ

913 1188 994 1259 ἡμεῖς
1006 1206 1037 1244 σε

916 1291 963 1326 om.
977 1274 1014 1333 ὠς

817 1399 820 1404 .
915 1355 1064 1429 εὖεοχήσεις

917 1441 980 1498 ἔσθ’
995 1441 1042 1500 ὅτε

915 1529 989 1601 πρὸς
1000 1533 1097 1603 φιλίου
1110 1530 1171 1592 διὸς

914 1613 1010 1686 ἔνερθε

916 1702 954 1759 εἰς
966 1701 1016 1767 τήν
1028 1700 1165 1774 δρραβίαν

915 1780 1072 1858 ἄνθρωπον

916 1887 964 1923 om.
976 1888 1008 1922 το

914 1952 1054 2028 πρότερον

912 2040 1039 2108 καθῆστο

913 2124 944 2179 ἓν
955 2127 1063 2197 θατέρᾳ
1075 2127 1109 2180 δέ
1119 2146 1166 2182 om.
1178 2149 1230 2201 μοι

914 2210 993 2264 δοκεῖ
1001 2229 1052 2282 μοι

913 2299 1095 2367 παρεστῶσαι

914 2383 1015 2435 πολλοὶ
1026 2377 1063 2437 ἂν
1072 2381 1253 2454 πανταχόθεν

914 2464 1160 2539 προσπλεκόμενοι

914 2550 948 2607 σὺ
961 2553 996 2622 δὴ

912 2641 1048 2709 γενέσθαι
1060 2639 1166 2709 δηλαδή
1180 2638 1224 2694 ὅτι
1235 2639 1355 2711 τάχιστα

912 2722 999 2795 νόμοι

914 2807 984 2864 ὁδὸν

913 2892 1001 2968 δεήσῃ

914 2977 1028 3052 ἔνυδρος

913 3062 1016 3136 μικρὸν
1028 3064 1158 3137 πρόσθεν

913 3148 981 3218 καλή

913 3232 1120 3307 εὐδαιμονίσεις

914 3317 1029 3391 πρόεισι

913 3402 984 3479 ἀνήρ
996 3426 1037 3465 τις

913 3490 1016 3560 ἐκείνης
1028 3492 1097 3546 ὁδοῦ

912 3576 1036 3632 ἕπεσθαί
1049 3593 1094 3631 σοι
1107 3577 1365 3652 παρακελευόμενος

911 3668 960 3715 καί
971 3679 1059 3733 φησιν

912 3746 1020 3802 κόλλαν

911 3838 1038 3905 Κροτίαν

911 3916 1124 3992 ἀποτεταγμένιι

912 4002 1106 4078 ἀνιαρότατον

912 4088 1075 4163 ὑπογράφει

912 4174 927 4229 ὁ
941 4176 972 4229 δὲ
985 4175 1127 4232 ἐπὶτοῦτο
