3334 5050
372 523 412 587 78
546 525 780 578 ΛΟΥΚΙΛΝΟΥ
795 527 865 576 Aa
880 527 1260 580 ΚΑΤΗΓΟΡΟΥΜΕΝΟΣ

614 707 790 784 LUCIANI
814 708 882 784 BIS
908 711 1171 786 ACCUSATUS.

473 936 519 987 Ed.
532 935 628 986 Teubn.
830 936 891 987 (Ῑοδ.
904 934 963 986 434.
1182 936 1241 987 (lod.
1256 936 1315 988 436.

301 1072 323 1107 α.
337 1056 358 1107 l.
372 1055 397 1107 εἰ
409 1056 479 1124 γοῦν
491 1052 596 1127 ᾔδεσαν
892 1093 909 1122 ,,
1079 1057 1103 1109 εἰ
1116 1051 1145 1109 δ’
1161 1050 1212 1110 οὗν
1223 1052 1330 1129 ᾔδεσαν

369 1173 498 1248 μύκαρας
517 1174 592 1248 ἡμᾶς
607 1194 657 1228 κα-
723 1173 853 1248 μάκαρας
863 1178 993 1231 καλοῦντι
1004 1173 1078 1249 ἡμᾶς
1244 1216 1261 1244 ,,
1348 1245 1354 1250 ,

405 1263 500 1315 λοῦντι

371 1380 488 1438 ἐδύνατο
890 1421 906 1452 ,,
1076 1380 1196 1451 ἠδύνατο

370 1503 529 1573 κνήσασθαι
892 1542 908 1571 ,,
1077 1502 1262 1577 ἀλφήσασθαι

371 1623 624 1698 παρατραπόμενοι
893 1663 909 1694 ,,
1078 1623 1328 1701 παρατρεπόμενοι

371 1747 441 1820 ἀωρὶ
725 1743 815 1818 δωρία

371 1866 386 1921 ὁ
400 1866 542 1925 Ἀπόλλων
552 1880 582 1922 τε
594 1862 630 1920 αὖ
727 1886 774 1920 om.
788 1887 817 1922 τε
829 1861 864 1921 αὗ

370 1989 398 2049 ἐς
409 2009 459 2059 την
469 1988 584 2064 Κλάρον
889 2029 905 2057 ,,
1074 1988 1102 2048 ἐς
1113 1986 1163 2042 τὸν
1174 1985 1291 2061 Κλάρον

371 2109 387 2181 ἢ
399 2111 428 2171 ἐς
438 2114 601 2184 Βραγχίδας
724 2109 741 2178 ἢ
754 2114 794 2171 είς
804 2109 971 2182 Βραγχίδας
1078 2112 1124 2164 καλ
1136 2109 1164 2170 ἒς
1175 2110 1341 2181 Βραγχίδας

370 2235 570 2306 διασεισαμένη
767 2267 770 2274 -
891 2272 907 2300 ,,
1077 2232 1244 2286 διασείσασα

369 2351 483 2428 κελεύσῃ
722 2353 818 2428 κελεύῃ
1076 2350 1197 2408 κελεύσει

371 2473 710 2548 ὀπόσοι-ἐπιτεχνῶνται.
891 2514 906 2542 ,,
1076 2471 1175 2530 ὅσα-
1187 2476 1359 2551 ἐπιχρῶνται

365 2597 491 2670 χελώνας
889 2636 905 2664 ,,
1070 2596 1195 2669 χελώνην

369 2737 398 2773 τε
411 2716 519 2787 ἀηδέων
724 2722 811 2773 τεκαὶ
823 2717 932 2787 ἀηδέων
1242 2761 1258 2789 ,,

369 2840 415 2895 ἔπ’
428 2839 592 2913 ύλλοτρίῃσί
600 2845 653 2905 τεξ
668 2863 704 2914 μ·
890 2881 906 2908 „
1076 2839 1123 2895 ἐπ’
1142 2837 1303 2916 ἀλλοτρίῃσι
1319 2856 1348 2895 τι
1360 2846 1433 2913 ξυμ-

403 2928 528 3001 νοιιῖσιν
1116 2928 1240 3000 νοοῇσιν

368 3054 397 3103 τί
407 3048 462 3121 γὰρ
474 3046 534 3118 ἄνῆ
547 3052 700 3121 -λέγοιμι
722 3050 748 3102 τί
759 3042 815 3120 γδιρ
824 3045 862 3105 ἂν
870 3051 895 3103 εί
904 3079 938 3089 -
947 3050 1058 3120 λέγοιμι
1242 3086 1258 3116 ,,

369 3171 403 3225 τὰ
417 3173 503 3224 πλοῖα
892 3210 909 3239 ,,
1078 3188 1125 3224 om.
1137 3170 1171 3223 τὰ

370 3295 480 3346 ἕκαστοι
894 3332 910 3359 ,,
1078 3290 1182 3347 ἕκαστα

369 3413 538 3485 ωψψ
889 3453 905 3479 ,,
1074 3416 1182 3481 m&

299 3559 321 3593 α.
334 3541 358 3594 2.
370 3536 468 3590 ἔπειτα
481 3535 512 3589 δὲ
528 3537 574 3588 καλ
590 3529 664 3605 αύτῷ
728 3535 823 3591 ἔπειτα
835 3534 867 3588 δὲ
878 3538 966 3607 μυρία
979 3532 1052 3605 αὐτῷ

401 3627 489 3693 μυρία

369 3747 466 3816 Νεμέᾳ
890 3783 906 3808 ,,
1075 3744 1189 3812 Νεμαίςι

370 3863 516 3936 ἀνέρχεται
890 3903 906 3929 ,,
1077 3861 1184 3934 ἔρχεται

368 3981 403 4053 ἢν
413 3984 469 4059 γάρ
481 3982 706 4041 τι-ἒπινυστοί-
725 3988 750 4039 εἰ
767 3981 822 4055 γάρ
840 4002 898 4035 που
909 4012 942 4021 -
955 3982 1051 4036 ἐπινυ-

401 4076 494 4144 ξωμεν
762 4066 905 4139 στύσομεν
918 4070 949 4132 (c.
959 4085 1009 4119 ras.
1021 4071 1045 4119 in
1056 4071 1080 4133 o)

369 4191 571 4250 πιστεύσουσιν
721 4188 904 4246 πιστεύουσιν
914 4203 1066 4257 mpersom
1084 4186 1266 4242 πιστεύουσιν
